@misc{nakatani2010langdetect,
  title  = {Language Detection Library for Java},
  author = {Shuyo Nakatani},
  url    = {https://github.com/shuyo/language-detection},
  year   = {2010}
}

@misc{clojurelangdetect,
  title  = {Language Detection Library for Clojure},
  author = {Lee Hinman},
  url    = {https://github.com/dakrone/cld},
  year   = {2012}
}

@misc{crfpostagger,
  title  = {Conditional random fields part-of-speech tagger},
  author = {Andrew Tropin},
  url    = {https://github.com/abcdw/crf-pos-tagger},
  year   = {2017}
}

@misc{apacheopennlp,
  title  = {Machine learning based toolkit for the processing of natural language text},
  author = {The Apache Software Foundation},
  url    = {https://github.com/apache/opennlp},
  year   = {2017}
}
